<?xml version="1.0" encoding="UTF-8"?><collection xmlns="http://www.loc.gov/MARC21/slim"><record><leader>00578nam--2200145-i-4500</leader><controlfield tag="001">000009025</controlfield><controlfield tag="002">20161230</controlfield><controlfield tag="005">20161230201028</controlfield><controlfield tag="008">060222s1000------------r-----000-0-eng-d</controlfield><datafield ind1=" " ind2=" " tag="080"><subfield code="a">621.311.2</subfield></datafield><datafield ind1=" " ind2=" " tag="100"><subfield code="a">Apostoleanu A., Mirea N., Savulian R</subfield></datafield><datafield ind1=" " ind2=" " tag="245"><subfield code="a">Experienta utilitatii calculatoarelor de proce s in centralele termoelectrice din tara noas tra</subfield></datafield><datafield ind1=" " ind2=" " tag="260"><subfield code="a">Bucuresti, Consiliul National Al Inginerilor Si Tehnicienilor, 1969 19 Pag. + 11 Fig</subfield></datafield><datafield ind1=" " ind2=" " tag="490"><subfield code="a">A Doua Conferinta A Electricienilor. Iii. Sec Tia Sisteme, Centrale Si Utilizarea Energiei Electri</subfield></datafield><datafield ind1=" " ind2=" " tag="852"><subfield code="a">31645</subfield></datafield></record></collection>